<record xmlns="http://www.loc.gov/MARC21/slim" xmlns:xsi="http://www.w3.org/2001/XMLSchema-instance" xsi:schemaLocation="http://www.loc.gov/MARC21/slim http://www.loc.gov/standards/marcxml/schema/MARC21slim.xsd"><leader>01776nam a2200373   4500</leader><controlfield tag="001">002124491</controlfield><controlfield tag="003">NNU</controlfield><controlfield tag="006">m        d        </controlfield><controlfield tag="007">cr cn |||m|||a</controlfield><controlfield tag="008">150110s1949    ua      ob    000 0 ara d</controlfield><datafield ind1=" " ind2=" " tag="040"><subfield code="a">NNU</subfield><subfield code="b">eng</subfield><subfield code="c">NNU</subfield></datafield><datafield ind1=" " ind2=" " tag="066"><subfield code="c">(3</subfield></datafield><datafield ind1=" " ind2=" " tag="090"><subfield code="a">PJ7750.M75</subfield><subfield code="b">A6 1949</subfield></datafield><datafield ind1="1" ind2=" " tag="100"><subfield code="6">880-01</subfield><subfield code="a">Mu&#700;ayyid F&#299; al-D&#299;n, Ab&#363; Na&#7779;r &#7716;ibat All&#257;h,</subfield><subfield code="d">d. 1077.</subfield></datafield><datafield ind1="1" ind2="0" tag="245"><subfield code="6">880-02</subfield><subfield code="a">D&#299;w&#257;n al-Mu&#700;ayyid F&#299; al-D&#299;n d&#257;&#699;&#299; al-du&#699;&#257;h</subfield><subfield code="h">[electronic resource] /</subfield><subfield code="c">taqd&#299;m wa-ta&#7717;q&#299;q Mu&#7717;ammad K&#257;mil &#7716;usayn.</subfield></datafield><datafield ind1=" " ind2=" " tag="250"><subfield code="6">880-03</subfield><subfield code="a">al-&#7788;ab&#699;ah 1.</subfield></datafield><datafield ind1=" " ind2=" " tag="260"><subfield code="6">880-04</subfield><subfield code="a">al-Q&#257;hirah :</subfield><subfield code="b">D&#257;r al-K&#257;tib al-Mi&#7779;r&#299;,</subfield><subfield code="c">1949.</subfield></datafield><datafield ind1=" " ind2=" " tag="300"><subfield code="a">online resource (371 p.)</subfield></datafield><datafield ind1=" " ind2=" " tag="500"><subfield code="a">In Arabic.</subfield></datafield><datafield ind1=" " ind2=" " tag="500"><subfield code="a">Part of the Arabic Collections Online (ACO) project, contributed by New York Univeristy Libraries.</subfield></datafield><datafield ind1=" " ind2=" " tag="504"><subfield code="a">Includes bibliographical references (p. [369-372]).</subfield></datafield><datafield ind1=" " ind2=" " tag="533"><subfield code="a">Electronic reproduction.</subfield><subfield code="b">New York, N.Y. :</subfield><subfield code="c">New York University,</subfield><subfield code="d">2015.</subfield><subfield code="5">NNU</subfield></datafield><datafield ind1="1" ind2=" " tag="700"><subfield code="6">880-05</subfield><subfield code="a">&#7716;usayn, Mu&#7717;ammad K&#257;mil</subfield></datafield><datafield ind1="2" ind2=" " tag="710"><subfield code="a">New York University.</subfield><subfield code="b">Libraries.</subfield></datafield><datafield ind1="0" ind2=" " tag="730"><subfield code="a">Arabic Collections Online.</subfield></datafield><datafield ind1="0" ind2="8" tag="776"><subfield code="i">Print version:</subfield><subfield code="a">Mu&#700;ayyid F&#299; al-D&#299;n, Ab&#363; Na&#7779;r &#7716;ibat All&#257;h, d. 1077.</subfield><subfield code="t">D&#299;w&#257;n al-Mu&#700;ayyid F&#299; al-D&#299;n d&#257;&#699;&#299; al-du&#699;&#257;h</subfield><subfield code="w">(NNU)002124491</subfield></datafield><datafield ind1="4" ind2="0" tag="856"><subfield code="u">http://hdl.handle.net/2333.1/k0p2nj76</subfield></datafield><datafield ind1="0" ind2=" " tag="880"><subfield code="6">100-01/</subfield><subfield code="a">&#1605;&#1572;&#1610;&#1583; &#1601;&#1610; &#1575;&#1604;&#1583;&#1610;&#1606;.</subfield></datafield><datafield ind1="1" ind2="0" tag="880"><subfield code="6">245-02/</subfield><subfield code="a">&#1583;&#1610;&#1608;&#1575;&#1606; &#1575;&#1604;&#1605;&#1572;&#1610;&#1583; &#1601;&#1610; &#1575;&#1604;&#1583;&#1610;&#1606; &#1583;&#1575;&#1593;&#1609; &#1575;&#1604;&#1583;&#1593;&#1575;&#1577; /</subfield><subfield code="c">&#1578;&#1602;&#1583;&#1610;&#1605; &#1608;&#1578;&#1581;&#1602;&#1610;&#1602; &#1605;&#1581;&#1605;&#1583; &#1603;&#1575;&#1605;&#1604; &#1581;&#1587;&#1610;&#1606;.</subfield></datafield><datafield ind1=" " ind2=" " tag="880"><subfield code="6">250-03/</subfield><subfield code="a">&#1575;&#1604;&#1591;&#1576;&#1593;&#1577; &#1633;.</subfield></datafield><datafield ind1=" " ind2=" " tag="880"><subfield code="6">260-04/</subfield><subfield code="a">&#1575;&#1604;&#1602;&#1575;&#1607;&#1585;&#1577; :</subfield><subfield code="b">&#1583;&#1575;&#1585; &#1575;&#1604;&#1603;&#1575;&#1578;&#1576; &#1575;&#1604;&#1605;&#1589;&#1585;&#1609;&#1548;</subfield><subfield code="c">1949.</subfield></datafield><datafield ind1="0" ind2=" " tag="880"><subfield code="6">700-05/</subfield><subfield code="a">&#1605;&#1581;&#1605;&#1583; &#1603;&#1575;&#1605;&#1604; &#1581;&#1587;&#1610;&#1606;.</subfield></datafield><datafield ind1=" " ind2=" " tag="959"><subfield code="a">NNU</subfield><subfield code="b">WEB</subfield><subfield code="c">GENI</subfield><subfield code="t">0</subfield><subfield code="m">Electronic access</subfield><subfield code="s">01</subfield></datafield><datafield ind1=" " ind2=" " tag="999"><subfield code="i">NNU_002124491</subfield><subfield code="o" /></datafield></record>